@misc{gtd2018,
  author       = {{National Consortium for the Study of Terrorism and Responses to Terrorism (START)}},
  title        = {Global Terrorism Database (GTD) [Data file]},
  year         = {2018},
  howpublished = {\url{https://www.start.umd.edu/gtd}},
  note         = {University of Maryland}
}

@misc{kagglegtd,
  author       = {START Consortium and Erin Miller},
  title        = {Global Terrorism Database (GTD) on Kaggle},
  year         = {2018},
  howpublished = {\url{https://www.kaggle.com/datasets/START-UMD/gtd}},
  note         = {Accessed 2025-06-05}
}
